<record><leader>00000cas a2200000 a 4500</leader><controlfield tag="001">12574422</controlfield><controlfield tag="008">850919d18941894ksuwr ne      0   a0eng d</controlfield><datafield ind1=" " ind2=" " tag="010"><subfield code="a">sn 85029852 </subfield></datafield><datafield ind1=" " ind2=" " tag="040"><subfield code="a">KSH</subfield><subfield code="b">eng</subfield><subfield code="c">KSH</subfield><subfield code="d">NPT</subfield><subfield code="d">OCL</subfield><subfield code="d">OCLCQ</subfield></datafield><datafield ind1=" " ind2=" " tag="042"><subfield code="a">msc</subfield></datafield><datafield ind1=" " ind2=" " tag="043"><subfield code="a">n-us-ks</subfield></datafield><datafield ind1="0" ind2="0" tag="245"><subfield code="a">Seward County populist.</subfield></datafield><datafield ind1=" " ind2=" " tag="260"><subfield code="a">Springfield, Kan. :</subfield><subfield code="b">[s.n.],</subfield><subfield code="c">1894-</subfield></datafield><datafield ind1=" " ind2=" " tag="300"><subfield code="a">v. :</subfield><subfield code="b">ill. ;</subfield><subfield code="c">57 cm.</subfield></datafield><datafield ind1=" " ind2=" " tag="310"><subfield code="a">Weekly</subfield></datafield><datafield ind1="0" ind2=" " tag="362"><subfield code="a">Vol. 6, no. 32 (Aug. 31, 1894)-</subfield></datafield><datafield ind1="1" ind2=" " tag="362"><subfield code="a">Ceased in 1894?</subfield></datafield><datafield ind1=" " ind2=" " tag="752"><subfield code="a">United States</subfield><subfield code="b">Kansas</subfield><subfield code="c">Seward</subfield><subfield code="d">Springfield.</subfield></datafield><datafield ind1="0" ind2="0" tag="780"><subfield code="t">Springfield leader (Springfield, Kan.)</subfield><subfield code="w">(DLC)sn 85029847</subfield></datafield><datafield ind1="1" ind2=" " tag="029"><subfield code="a">AU@</subfield><subfield code="b">000004483980</subfield></datafield></record>